<record><leader>00000cas a2200000 a 4500</leader><controlfield tag="001">1757504</controlfield><controlfield tag="008">751101d18901995wiudr ne      0   a0eng c</controlfield><datafield ind1=" " ind2=" " tag="010"><subfield code="a">sn 83045292 </subfield></datafield><datafield ind1=" " ind2=" " tag="040"><subfield code="a">MUL</subfield><subfield code="b">eng</subfield><subfield code="c">MUL</subfield><subfield code="d">OCL</subfield><subfield code="d">MUL</subfield><subfield code="d">NPW</subfield><subfield code="d">DLC</subfield><subfield code="d">NPV</subfield><subfield code="d">NSD</subfield><subfield code="d">KNP</subfield><subfield code="d">MGN</subfield><subfield code="d">CRL</subfield><subfield code="d">CNK</subfield><subfield code="d">NVF</subfield><subfield code="d">NSD</subfield><subfield code="d">NVF</subfield><subfield code="d">DLC</subfield><subfield code="d">BUF</subfield><subfield code="d">KRTAS</subfield><subfield code="d">DLC</subfield><subfield code="d">OCLCQ</subfield><subfield code="d">CUI</subfield><subfield code="d">OCLCF</subfield></datafield><datafield ind1=" " ind2=" " tag="019"><subfield code="a">3617595</subfield></datafield><datafield ind1="1" ind2=" " tag="022"><subfield code="a">1052-4452</subfield><subfield code="l">1052-4452</subfield><subfield code="2">1</subfield></datafield><datafield ind1="1" ind2=" " tag="029"><subfield code="a">AU@</subfield><subfield code="b">000022562087</subfield></datafield><datafield ind1="1" ind2=" " tag="029"><subfield code="a">NZ1</subfield><subfield code="b">16075368</subfield></datafield><datafield ind1=" " ind2=" " tag="032"><subfield code="a">350340</subfield><subfield code="b">USPS</subfield></datafield><datafield ind1=" " ind2=" " tag="042"><subfield code="a">nsdp</subfield><subfield code="a">pcc</subfield></datafield><datafield ind1=" " ind2=" " tag="043"><subfield code="a">n-us-wi</subfield></datafield><datafield ind1="0" ind2="0" tag="050"><subfield code="a">Newspaper</subfield></datafield><datafield ind1="1" ind2="4" tag="050"><subfield code="a">AN341</subfield><subfield code="b">.M54</subfield></datafield><datafield ind1="0" ind2=" " tag="130"><subfield code="a">Milwaukee journal (Milwaukee, Wis. : 1890)</subfield></datafield><datafield ind1=" " ind2="4" tag="222"><subfield code="a">The Milwaukee journal</subfield></datafield><datafield ind1="1" ind2="4" tag="245"><subfield code="a">The Milwaukee journal.</subfield></datafield><datafield ind1="1" ind2="3" tag="246"><subfield code="a">Milwaukee daily journal</subfield></datafield><datafield ind1="1" ind2="7" tag="246"><subfield code="a">Daily journal</subfield></datafield><datafield ind1=" " ind2=" " tag="260"><subfield code="a">Milwaukee, Wis. :</subfield><subfield code="b">Journal Co.,</subfield><subfield code="c">1890-1995.</subfield></datafield><datafield ind1=" " ind2=" " tag="300"><subfield code="a">v.</subfield></datafield><datafield ind1=" " ind2=" " tag="310"><subfield code="a">Daily,</subfield><subfield code="b">Sept. 1, 1994-Mar. 31, 1995</subfield></datafield><datafield ind1=" " ind2=" " tag="321"><subfield code="a">Daily (except Sunday),</subfield><subfield code="b">Jan. 2, 1891-Nov. 25, 1911</subfield></datafield><datafield ind1=" " ind2=" " tag="321"><subfield code="a">Daily,</subfield><subfield code="b">Nov. 26, 1911-Dec. 24, 1956</subfield></datafield><datafield ind1=" " ind2=" " tag="321"><subfield code="a">Daily (except holidays),</subfield><subfield code="b">Dec. 26, 1956-Aug. 31, 1994</subfield></datafield><datafield ind1="0" ind2=" " tag="362"><subfield code="a">8th year, no. 174 (June 9, 1890)-v. 113, no. 134 (Mar. 31, 1995).</subfield></datafield><datafield ind1=" " ind2=" " tag="500"><subfield code="a">Publisher varies.</subfield></datafield><datafield ind1=" " ind2=" " tag="530"><subfield code="a">Available on microfilm from Bell &amp; Howell Information and Learning and the Library of Congress, Photoduplication Service.</subfield></datafield><datafield ind1=" " ind2=" " tag="580"><subfield code="a">Merged with: Milwaukee sentinel (Milwaukee, Wis. : 1883), to become: Milwaukee journal sentinel.</subfield></datafield><datafield ind1=" " ind2="0" tag="651"><subfield code="a">Milwaukee (Wis.)</subfield><subfield code="v">Newspapers.</subfield></datafield><datafield ind1=" " ind2="0" tag="651"><subfield code="a">Milwaukee County (Wis.)</subfield><subfield code="v">Newspapers.</subfield></datafield><datafield ind1=" " ind2="7" tag="655"><subfield code="a">Newspapers.</subfield><subfield code="2">fast</subfield><subfield code="0">(OCoLC)fst01423814</subfield></datafield><datafield ind1=" " ind2="7" tag="651"><subfield code="a">Wisconsin</subfield><subfield code="z">Milwaukee.</subfield><subfield code="2">fast</subfield><subfield code="0">(OCoLC)fst01206626</subfield></datafield><datafield ind1=" " ind2="7" tag="651"><subfield code="a">Wisconsin</subfield><subfield code="z">Milwaukee County.</subfield><subfield code="2">fast</subfield><subfield code="0">(OCoLC)fst01202910</subfield></datafield><datafield ind1=" " ind2=" " tag="752"><subfield code="a">United States</subfield><subfield code="b">Wisconsin</subfield><subfield code="c">Milwaukee</subfield><subfield code="d">Milwaukee.</subfield></datafield><datafield ind1=" " ind2=" " tag="752"><subfield code="a">United States</subfield><subfield code="b">Wisconsin</subfield><subfield code="c">Washington</subfield><subfield code="d">Milwaukee.</subfield></datafield><datafield ind1="0" ind2="8" tag="776"><subfield code="i">Online version:</subfield><subfield code="t">Milwaukee journal (Milwaukee, Wis. : 1890 : Online)</subfield><subfield code="w">(OCoLC)654829092</subfield></datafield><datafield ind1="0" ind2="0" tag="780"><subfield code="t">Milwaukee daily journal</subfield><subfield code="w">(DLC)sn 87082608</subfield><subfield code="w">(OCoLC)15703527</subfield></datafield><datafield ind1="1" ind2="7" tag="785"><subfield code="t">Milwaukee sentinel (Milwaukee, Wis. : 1883)</subfield><subfield code="w">(DLC)sn 85033183</subfield><subfield code="w">(OCoLC)11723897</subfield></datafield><datafield ind1="1" ind2="7" tag="785"><subfield code="t">Milwaukee journal sentinel</subfield><subfield code="x">1082-8850</subfield><subfield code="w">(DLC)sn 95001917</subfield><subfield code="w">(OCoLC)32608091</subfield></datafield><datafield ind1=" " ind2=" " tag="938"><subfield code="a">Kirtas Technologies, Inc.</subfield><subfield code="b">KRTS</subfield><subfield code="n">733940</subfield></datafield></record>